[
  {
    "date": "2024-08-27",
    "recommended_price": 26.035449981689453,
    "predicted_sales": 71.07288062687977,
    "predicted_organic_conv": 19.865625,
    "predicted_ad_conv": 5.2867750000000004,
    "is_historical": true
  },
  {
    "date": "2024-08-28",
    "recommended_price": 26.035449981689453,
    "predicted_sales": 78.84339063262806,
    "predicted_organic_conv": 5.7457142857142856,
    "predicted_ad_conv": 8.22352857142857,
    "is_historical": true
  },
  {
    "date": "2024-08-29",
    "recommended_price": 26.035449981689453,
    "predicted_sales": 82.79333337489813,
    "predicted_organic_conv": 18.555,
    "predicted_ad_conv": 10.16959375,
    "is_historical": true
  },
  {
    "date": "2024-08-30",
    "recommended_price": 26.035449981689453,
    "predicted_sales": 84.29244092792327,
    "predicted_organic_conv": 14.1125,
    "predicted_ad_conv": 7.50776875,
    "is_historical": true
  },
  {
    "date": "2024-08-31",
    "recommended_price": 26.035449981689453,
    "predicted_sales": 40.64472505021756,
    "predicted_organic_conv": 18.968235294117648,
    "predicted_ad_conv": 3.4829588235294118,
    "is_historical": true
  },
  {
    "date": "2024-09-01",
    "recommended_price": 26.035449981689453,
    "predicted_sales": 33.42286271481677,
    "predicted_organic_conv": 9.080666666666668,
    "predicted_ad_conv": 5.5309333333333335,
    "is_historical": true
  },
  {
    "date": "2024-09-02",
    "recommended_price": 26.035449981689453,
    "predicted_sales": 77.35174410292792,
    "predicted_organic_conv": 5.7457142857142856,
    "predicted_ad_conv": 8.22352857142857,
    "is_historical": true
  },
  {
    "date": "2024-09-03",
    "recommended_price": 26.035449981689453,
    "predicted_sales": 80.33009142252807,
    "predicted_organic_conv": 18.555,
    "predicted_ad_conv": 10.16959375,
    "is_historical": true
  },
  {
    "date": "2024-09-04",
    "recommended_price": 26.035449981689453,
    "predicted_sales": 81.49199250657759,
    "predicted_organic_conv": 14.1125,
    "predicted_ad_conv": 7.50776875,
    "is_historical": true
  },
  {
    "date": "2024-09-05",
    "recommended_price": 26.035449981689453,
    "predicted_sales": 39.12543175481378,
    "predicted_organic_conv": 18.968235294117648,
    "predicted_ad_conv": 3.4829588235294118,
    "is_historical": true
  },
  {
    "date": "2024-09-06",
    "recommended_price": 26.035449981689453,
    "predicted_sales": 31.674285057867642,
    "predicted_organic_conv": 9.080666666666668,
    "predicted_ad_conv": 5.5309333333333335,
    "is_historical": true
  },
  {
    "date": "2024-09-07",
    "recommended_price": 26.035449981689453,
    "predicted_sales": 33.472794682740826,
    "predicted_organic_conv": 17.202222222222222,
    "predicted_ad_conv": 3.0346555555555557,
    "is_historical": true
  },
  {
    "date": "2024-09-08",
    "recommended_price": 26.035449981689453,
    "predicted_sales": 67.96030192336227,
    "predicted_organic_conv": 19.865625,
    "predicted_ad_conv": 5.2867750000000004,
    "is_historical": true
  },
  {
    "date": "2024-09-09",
    "recommended_price": 26.035449981689453,
    "predicted_sales": 70.70391902040383,
    "predicted_organic_conv": 19.865625,
    "predicted_ad_conv": 5.2867750000000004,
    "is_historical": true
  },
  {
    "date": "2024-09-10",
    "recommended_price": 26.035449981689453,
    "predicted_sales": 78.45561577879936,
    "predicted_organic_conv": 5.7457142857142856,
    "predicted_ad_conv": 8.22352857142857,
    "is_historical": true
  },
  {
    "date": "2024-09-11",
    "recommended_price": 26.035449981689453,
    "predicted_sales": 81.6136116559307,
    "predicted_organic_conv": 18.555,
    "predicted_ad_conv": 10.16959375,
    "is_historical": true
  },
  {
    "date": "2024-09-12",
    "recommended_price": 26.035449981689453,
    "predicted_sales": 82.95102242075734,
    "predicted_organic_conv": 14.1125,
    "predicted_ad_conv": 7.50776875,
    "is_historical": true
  },
  {
    "date": "2024-09-13",
    "recommended_price": 26.035449981689453,
    "predicted_sales": 39.91028424134116,
    "predicted_organic_conv": 18.968235294117648,
    "predicted_ad_conv": 3.4829588235294118,
    "is_historical": true
  },
  {
    "date": "2024-10-30",
    "recommended_price": 26.035449981689453,
    "predicted_sales": 31.93357659068429,
    "predicted_organic_conv": 9.080666666666668,
    "predicted_ad_conv": 5.5309333333333335,
    "is_historical": true
  },
  {
    "date": "2024-10-31",
    "recommended_price": 26.035449981689453,
    "predicted_sales": 33.150437063506835,
    "predicted_organic_conv": 17.202222222222222,
    "predicted_ad_conv": 3.0346555555555557,
    "is_historical": true
  },
  {
    "date": "2024-11-06",
    "recommended_price": 26.035449981689453,
    "predicted_sales": 31.89571695671117,
    "predicted_organic_conv": 9.080666666666668,
    "predicted_ad_conv": 5.5309333333333335,
    "is_historical": true
  },
  {
    "date": "2024-11-20",
    "recommended_price": 26.035449981689453,
    "predicted_sales": 33.88398395002437,
    "predicted_organic_conv": 17.202222222222222,
    "predicted_ad_conv": 3.0346555555555557,
    "is_historical": true
  },
  {
    "date": "2024-11-21",
    "recommended_price": 26.035449981689453,
    "predicted_sales": 70.18950380597994,
    "predicted_organic_conv": 19.865625,
    "predicted_ad_conv": 5.2867750000000004,
    "is_historical": true
  },
  {
    "date": "2024-11-22",
    "recommended_price": 26.035449981689453,
    "predicted_sales": 77.81733876698017,
    "predicted_organic_conv": 5.7457142857142856,
    "predicted_ad_conv": 8.22352857142857,
    "is_historical": true
  },
  {
    "date": "2024-11-26",
    "recommended_price": 26.035449981689453,
    "predicted_sales": 80.8643305357413,
    "predicted_organic_conv": 18.555,
    "predicted_ad_conv": 10.16959375,
    "is_historical": true
  },
  {
    "date": "2024-11-28",
    "recommended_price": 26.035449981689453,
    "predicted_sales": 82.01780354501605,
    "predicted_organic_conv": 14.1125,
    "predicted_ad_conv": 7.50776875,
    "is_historical": true
  },
  {
    "date": "2024-11-29",
    "recommended_price": 26.035449981689453,
    "predicted_sales": 38.962702827339555,
    "predicted_organic_conv": 18.968235294117648,
    "predicted_ad_conv": 3.4829588235294118,
    "is_historical": true
  },
  {
    "date": "2024-11-30",
    "recommended_price": 26.035449981689453,
    "predicted_sales": 34.16659130739471,
    "predicted_organic_conv": 17.202222222222222,
    "predicted_ad_conv": 3.0346555555555557,
    "is_historical": true
  },
  {
    "date": "2024-12-01",
    "recommended_price": 26.035449981689453,
    "predicted_sales": 70.8780545025321,
    "predicted_organic_conv": 19.865625,
    "predicted_ad_conv": 5.2867750000000004,
    "is_historical": true
  },
  {
    "date": "2024-12-02",
    "recommended_price": 26.035449981689453,
    "predicted_sales": 78.60195460859414,
    "predicted_organic_conv": 5.7457142857142856,
    "predicted_ad_conv": 8.22352857142857,
    "is_historical": true
  },
  {
    "date": "2024-12-05",
    "recommended_price": 26.035449981689453,
    "predicted_sales": 82.50993325453446,
    "predicted_organic_conv": 18.555,
    "predicted_ad_conv": 10.16959375,
    "is_historical": true
  },
  {
    "date": "2024-12-23",
    "recommended_price": 26.035449981689453,
    "predicted_sales": 0.0,
    "predicted_organic_conv": 14.1125,
    "predicted_ad_conv": 7.50776875,
    "is_historical": true
  },
  {
    "date": "2024-12-24",
    "recommended_price": 26.035449981689453,
    "predicted_sales": 0.0,
    "predicted_organic_conv": 18.968235294117648,
    "predicted_ad_conv": 3.4829588235294118,
    "is_historical": true
  },
  {
    "date": "2024-12-25",
    "recommended_price": 26.035449981689453,
    "predicted_sales": 0.0,
    "predicted_organic_conv": 9.080666666666668,
    "predicted_ad_conv": 5.5309333333333335,
    "is_historical": true
  },
  {
    "date": "2024-12-26",
    "recommended_price": 26.035449981689453,
    "predicted_sales": 0.0,
    "predicted_organic_conv": 5.7457142857142856,
    "predicted_ad_conv": 8.22352857142857,
    "is_historical": true
  },
  {
    "date": "2024-12-27",
    "recommended_price": 26.035449981689453,
    "predicted_sales": 0.0,
    "predicted_organic_conv": 18.555,
    "predicted_ad_conv": 10.16959375,
    "is_historical": true
  },
  {
    "date": "2024-12-28",
    "recommended_price": 26.035449981689453,
    "predicted_sales": 0.0,
    "predicted_organic_conv": 14.1125,
    "predicted_ad_conv": 7.50776875,
    "is_historical": true
  },
  {
    "date": "2024-12-29",
    "recommended_price": 26.035449981689453,
    "predicted_sales": 0.0,
    "predicted_organic_conv": 18.968235294117648,
    "predicted_ad_conv": 3.4829588235294118,
    "is_historical": true
  },
  {
    "date": "2024-12-30",
    "recommended_price": 26.035449981689453,
    "predicted_sales": 0.0,
    "predicted_organic_conv": 9.080666666666668,
    "predicted_ad_conv": 5.5309333333333335,
    "is_historical": true
  },
  {
    "date": "2024-12-31",
    "recommended_price": 26.035449981689453,
    "predicted_sales": 0.0,
    "predicted_organic_conv": 17.202222222222222,
    "predicted_ad_conv": 3.0346555555555557,
    "is_historical": true
  },
  {
    "date": "2025-01-01",
    "recommended_price": 26.035449981689453,
    "predicted_sales": 0.0,
    "predicted_organic_conv": 19.865625,
    "predicted_ad_conv": 5.2867750000000004,
    "is_historical": true
  },
  {
    "date": "2025-01-02",
    "recommended_price": 26.035449981689453,
    "predicted_sales": 0.0,
    "predicted_organic_conv": 14.1125,
    "predicted_ad_conv": 7.50776875,
    "is_historical": true
  },
  {
    "date": "2025-01-03",
    "recommended_price": 26.035449981689453,
    "predicted_sales": 0.0,
    "predicted_organic_conv": 18.968235294117648,
    "predicted_ad_conv": 3.4829588235294118,
    "is_historical": true
  },
  {
    "date": "2025-01-04",
    "recommended_price": 26.035449981689453,
    "predicted_sales": 0.0,
    "predicted_organic_conv": 9.080666666666668,
    "predicted_ad_conv": 5.5309333333333335,
    "is_historical": true
  },
  {
    "date": "2025-01-05",
    "recommended_price": 26.035449981689453,
    "predicted_sales": 0.0,
    "predicted_organic_conv": 17.202222222222222,
    "predicted_ad_conv": 3.0346555555555557,
    "is_historical": true
  },
  {
    "date": "2025-01-06",
    "recommended_price": 26.035449981689453,
    "predicted_sales": 0.0,
    "predicted_organic_conv": 19.865625,
    "predicted_ad_conv": 5.2867750000000004,
    "is_historical": true
  },
  {
    "date": "2025-01-07",
    "recommended_price": 26.035449981689453,
    "predicted_sales": 0.0,
    "predicted_organic_conv": 5.7457142857142856,
    "predicted_ad_conv": 8.22352857142857,
    "is_historical": true
  },
  {
    "date": "2025-01-08",
    "recommended_price": 26.035449981689453,
    "predicted_sales": 0.0,
    "predicted_organic_conv": 18.555,
    "predicted_ad_conv": 10.16959375,
    "is_historical": true
  },
  {
    "date": "2025-01-09",
    "recommended_price": 26.035449981689453,
    "predicted_sales": 0.0,
    "predicted_organic_conv": 9.080666666666668,
    "predicted_ad_conv": 5.5309333333333335,
    "is_historical": true
  },
  {
    "date": "2025-01-10",
    "recommended_price": 26.035449981689453,
    "predicted_sales": 0.0,
    "predicted_organic_conv": 17.202222222222222,
    "predicted_ad_conv": 3.0346555555555557,
    "is_historical": true
  },
  {
    "date": "2025-01-11",
    "recommended_price": 26.035449981689453,
    "predicted_sales": 0.0,
    "predicted_organic_conv": 19.865625,
    "predicted_ad_conv": 5.2867750000000004,
    "is_historical": true
  },
  {
    "date": "2025-01-12",
    "recommended_price": 26.035449981689453,
    "predicted_sales": 0.0,
    "predicted_organic_conv": 5.7457142857142856,
    "predicted_ad_conv": 8.22352857142857,
    "is_historical": true
  },
  {
    "date": "2025-01-13",
    "recommended_price": 26.035449981689453,
    "predicted_sales": 0.0,
    "predicted_organic_conv": 18.555,
    "predicted_ad_conv": 10.16959375,
    "is_historical": true
  },
  {
    "date": "2025-01-14",
    "recommended_price": 26.035449981689453,
    "predicted_sales": 0.0,
    "predicted_organic_conv": 14.1125,
    "predicted_ad_conv": 7.50776875,
    "is_historical": true
  },
  {
    "date": "2025-01-15",
    "recommended_price": 26.035449981689453,
    "predicted_sales": 0.0,
    "predicted_organic_conv": 18.968235294117648,
    "predicted_ad_conv": 3.4829588235294118,
    "is_historical": true
  },
  {
    "date": "2025-01-16",
    "recommended_price": 26.035449981689453,
    "predicted_sales": 0.0,
    "predicted_organic_conv": 18.968235294117648,
    "predicted_ad_conv": 3.4829588235294118,
    "is_historical": true
  },
  {
    "date": "2025-01-17",
    "recommended_price": 26.035449981689453,
    "predicted_sales": 0.0,
    "predicted_organic_conv": 9.080666666666668,
    "predicted_ad_conv": 5.5309333333333335,
    "is_historical": true
  },
  {
    "date": "2025-01-18",
    "recommended_price": 26.035449981689453,
    "predicted_sales": 0.0,
    "predicted_organic_conv": 17.202222222222222,
    "predicted_ad_conv": 3.0346555555555557,
    "is_historical": true
  },
  {
    "date": "2025-01-19",
    "recommended_price": 26.035449981689453,
    "predicted_sales": 0.0,
    "predicted_organic_conv": 19.865625,
    "predicted_ad_conv": 5.2867750000000004,
    "is_historical": true
  },
  {
    "date": "2025-01-20",
    "recommended_price": 26.035449981689453,
    "predicted_sales": 0.0,
    "predicted_organic_conv": 5.7457142857142856,
    "predicted_ad_conv": 8.22352857142857,
    "is_historical": true
  },
  {
    "date": "2025-01-21",
    "recommended_price": 26.035449981689453,
    "predicted_sales": 0.0,
    "predicted_organic_conv": 18.555,
    "predicted_ad_conv": 10.16959375,
    "is_historical": true
  },
  {
    "date": "2025-01-22",
    "recommended_price": 26.035449981689453,
    "predicted_sales": 0.0,
    "predicted_organic_conv": 14.1125,
    "predicted_ad_conv": 7.50776875,
    "is_historical": true
  },
  {
    "date": "2025-01-23",
    "recommended_price": 26.035449981689453,
    "predicted_sales": 34.123649836576924,
    "predicted_organic_conv": 17.202222222222222,
    "predicted_ad_conv": 3.0346555555555557,
    "is_historical": true
  },
  {
    "date": "2025-01-24",
    "recommended_price": 26.035449981689453,
    "predicted_sales": 31.88876430282697,
    "predicted_organic_conv": 9.080666666666668,
    "predicted_ad_conv": 5.5309333333333335,
    "is_historical": true
  },
  {
    "date": "2025-01-25",
    "recommended_price": 26.035449981689453,
    "predicted_sales": 39.245544163700686,
    "predicted_organic_conv": 18.968235294117648,
    "predicted_ad_conv": 3.4829588235294118,
    "is_historical": true
  },
  {
    "date": "2025-01-26",
    "recommended_price": 26.035449981689453,
    "predicted_sales": 81.7097072325823,
    "predicted_organic_conv": 14.1125,
    "predicted_ad_conv": 7.50776875,
    "is_historical": true
  },
  {
    "date": "2025-01-27",
    "recommended_price": 26.035449981689453,
    "predicted_sales": 80.52111774101024,
    "predicted_organic_conv": 18.555,
    "predicted_ad_conv": 10.16959375,
    "is_historical": true
  },
  {
    "date": "2025-01-28",
    "recommended_price": 26.035449981689453,
    "predicted_sales": 77.51599048130767,
    "predicted_organic_conv": 5.7457142857142856,
    "predicted_ad_conv": 8.22352857142857,
    "is_historical": true
  },
  {
    "date": "2025-01-29",
    "recommended_price": 26.035449981689453,
    "predicted_sales": 69.94586832256012,
    "predicted_organic_conv": 19.865625,
    "predicted_ad_conv": 5.2867750000000004,
    "is_historical": true
  },
  {
    "date": "2025-01-30",
    "recommended_price": 26.035449981689453,
    "predicted_sales": 81.06163030646694,
    "predicted_organic_conv": 18.555,
    "predicted_ad_conv": 10.16959375,
    "is_historical": true
  },
  {
    "date": "2025-01-31",
    "recommended_price": 26.035449981689453,
    "predicted_sales": 77.2626350529412,
    "predicted_organic_conv": 5.7457142857142856,
    "predicted_ad_conv": 8.22352857142857,
    "is_historical": true
  },
  {
    "date": "2025-02-01",
    "recommended_price": 26.035449981689453,
    "predicted_sales": 69.95606719908555,
    "predicted_organic_conv": 19.865625,
    "predicted_ad_conv": 5.2867750000000004,
    "is_historical": true
  },
  {
    "date": "2025-02-02",
    "recommended_price": 26.035449981689453,
    "predicted_sales": 34.22702267397257,
    "predicted_organic_conv": 17.202222222222222,
    "predicted_ad_conv": 3.0346555555555557,
    "is_historical": true
  },
  {
    "date": "2025-02-03",
    "recommended_price": 26.035449981689453,
    "predicted_sales": 32.47352096490669,
    "predicted_organic_conv": 9.080666666666668,
    "predicted_ad_conv": 5.5309333333333335,
    "is_historical": true
  },
  {
    "date": "2025-02-04",
    "recommended_price": 26.035449981689453,
    "predicted_sales": 40.13774348624492,
    "predicted_organic_conv": 18.968235294117648,
    "predicted_ad_conv": 3.4829588235294118,
    "is_historical": true
  },
  {
    "date": "2025-02-05",
    "recommended_price": 26.035449981689453,
    "predicted_sales": 83.4059141745366,
    "predicted_organic_conv": 14.1125,
    "predicted_ad_conv": 7.50776875,
    "is_historical": true
  },
  {
    "date": "2025-02-06",
    "recommended_price": 26.035449981689453,
    "predicted_sales": 40.377447817096105,
    "predicted_organic_conv": 18.968235294117648,
    "predicted_ad_conv": 3.4829588235294118,
    "is_historical": true
  },
  {
    "date": "2025-02-07",
    "recommended_price": 26.035449981689453,
    "predicted_sales": 84.11697332237405,
    "predicted_organic_conv": 14.1125,
    "predicted_ad_conv": 7.50776875,
    "is_historical": true
  },
  {
    "date": "2025-02-08",
    "recommended_price": 26.035449981689453,
    "predicted_sales": 82.66760285625978,
    "predicted_organic_conv": 18.555,
    "predicted_ad_conv": 10.16959375,
    "is_historical": true
  },
  {
    "date": "2025-02-09",
    "recommended_price": 26.035449981689453,
    "predicted_sales": 79.79171676332089,
    "predicted_organic_conv": 5.7457142857142856,
    "predicted_ad_conv": 8.22352857142857,
    "is_historical": true
  },
  {
    "date": "2025-02-10",
    "recommended_price": 26.035449981689453,
    "predicted_sales": 71.98126545251766,
    "predicted_organic_conv": 19.865625,
    "predicted_ad_conv": 5.2867750000000004,
    "is_historical": true
  },
  {
    "date": "2025-02-11",
    "recommended_price": 26.035449981689453,
    "predicted_sales": 34.72658133218518,
    "predicted_organic_conv": 17.202222222222222,
    "predicted_ad_conv": 3.0346555555555557,
    "is_historical": true
  },
  {
    "date": "2025-02-12",
    "recommended_price": 26.035449981689453,
    "predicted_sales": 32.71155679222454,
    "predicted_organic_conv": 9.080666666666668,
    "predicted_ad_conv": 5.5309333333333335,
    "is_historical": true
  },
  {
    "date": "2025-02-13",
    "recommended_price": 26.035449981689453,
    "predicted_sales": 75.44558766336716,
    "predicted_organic_conv": 5.7457142857142856,
    "predicted_ad_conv": 8.22352857142857,
    "is_historical": true
  },
  {
    "date": "2025-02-14",
    "recommended_price": 26.035449981689453,
    "predicted_sales": 67.54813721834915,
    "predicted_organic_conv": 19.865625,
    "predicted_ad_conv": 5.2867750000000004,
    "is_historical": true
  },
  {
    "date": "2025-02-15",
    "recommended_price": 26.035449981689453,
    "predicted_sales": 33.23598948344271,
    "predicted_organic_conv": 17.202222222222222,
    "predicted_ad_conv": 3.0346555555555557,
    "is_historical": true
  },
  {
    "date": "2025-02-16",
    "recommended_price": 26.035449981689453,
    "predicted_sales": 31.587846225001893,
    "predicted_organic_conv": 9.080666666666668,
    "predicted_ad_conv": 5.5309333333333335,
    "is_historical": true
  },
  {
    "date": "2025-02-17",
    "recommended_price": 26.035449981689453,
    "predicted_sales": 39.521970006570115,
    "predicted_organic_conv": 18.968235294117648,
    "predicted_ad_conv": 3.4829588235294118,
    "is_historical": true
  },
  {
    "date": "2025-02-18",
    "recommended_price": 26.035449981689453,
    "predicted_sales": 82.23044135788328,
    "predicted_organic_conv": 14.1125,
    "predicted_ad_conv": 7.50776875,
    "is_historical": true
  },
  {
    "date": "2025-02-19",
    "recommended_price": 26.035449981689453,
    "predicted_sales": 80.9802449280171,
    "predicted_organic_conv": 18.555,
    "predicted_ad_conv": 10.16959375,
    "is_historical": true
  },
  {
    "date": "2025-02-20",
    "recommended_price": 26.035449981689453,
    "predicted_sales": 32.7901953138463,
    "predicted_organic_conv": 9.080666666666668,
    "predicted_ad_conv": 5.5309333333333335,
    "is_historical": true
  },
  {
    "date": "2025-02-21",
    "recommended_price": 26.035449981689453,
    "predicted_sales": 39.86536735392307,
    "predicted_organic_conv": 18.968235294117648,
    "predicted_ad_conv": 3.4829588235294118,
    "is_historical": true
  },
  {
    "date": "2025-02-22",
    "recommended_price": 26.035449981689453,
    "predicted_sales": 40.402435481790704,
    "predicted_organic_conv": 18.968235294117648,
    "predicted_ad_conv": 3.4829588235294118,
    "is_historical": false
  },
  {
    "date": "2025-02-23",
    "recommended_price": 26.035449981689453,
    "predicted_sales": 81.82486459536067,
    "predicted_organic_conv": 14.1125,
    "predicted_ad_conv": 7.50776875,
    "is_historical": false
  },
  {
    "date": "2025-02-24",
    "recommended_price": 26.035449981689453,
    "predicted_sales": 80.5847003942191,
    "predicted_organic_conv": 18.555,
    "predicted_ad_conv": 10.16959375,
    "is_historical": false
  },
  {
    "date": "2025-02-25",
    "recommended_price": 26.035449981689453,
    "predicted_sales": 77.5674295485248,
    "predicted_organic_conv": 5.7457142857142856,
    "predicted_ad_conv": 8.22352857142857,
    "is_historical": false
  },
  {
    "date": "2025-02-26",
    "recommended_price": 26.035449981689453,
    "predicted_sales": 69.9870928090146,
    "predicted_organic_conv": 19.865625,
    "predicted_ad_conv": 5.2867750000000004,
    "is_historical": false
  },
  {
    "date": "2025-02-27",
    "recommended_price": 26.035449981689453,
    "predicted_sales": 33.8341016022551,
    "predicted_organic_conv": 17.202222222222222,
    "predicted_ad_conv": 3.0346555555555557,
    "is_historical": false
  },
  {
    "date": "2025-02-28",
    "recommended_price": 26.035449981689453,
    "predicted_sales": 31.871993173376556,
    "predicted_organic_conv": 9.080666666666668,
    "predicted_ad_conv": 5.5309333333333335,
    "is_historical": false
  },
  {
    "date": "2025-03-01",
    "recommended_price": 26.035449981689453,
    "predicted_sales": 78.22243378084106,
    "predicted_organic_conv": 18.555,
    "predicted_ad_conv": 10.16959375,
    "is_historical": false
  },
  {
    "date": "2025-03-02",
    "recommended_price": 26.035449981689453,
    "predicted_sales": 76.15563861404212,
    "predicted_organic_conv": 5.7457142857142856,
    "predicted_ad_conv": 8.22352857142857,
    "is_historical": false
  },
  {
    "date": "2025-03-03",
    "recommended_price": 26.035449981689453,
    "predicted_sales": 68.89890231371716,
    "predicted_organic_conv": 19.865625,
    "predicted_ad_conv": 5.2867750000000004,
    "is_historical": false
  },
  {
    "date": "2025-03-04",
    "recommended_price": 26.035449981689453,
    "predicted_sales": 33.567326129272494,
    "predicted_organic_conv": 17.202222222222222,
    "predicted_ad_conv": 3.0346555555555557,
    "is_historical": false
  },
  {
    "date": "2025-03-05",
    "recommended_price": 26.035449981689453,
    "predicted_sales": 31.74526289441105,
    "predicted_organic_conv": 9.080666666666668,
    "predicted_ad_conv": 5.5309333333333335,
    "is_historical": false
  },
  {
    "date": "2025-03-06",
    "recommended_price": 26.035449981689453,
    "predicted_sales": 39.21666036584568,
    "predicted_organic_conv": 18.968235294117648,
    "predicted_ad_conv": 3.4829588235294118,
    "is_historical": false
  },
  {
    "date": "2025-03-07",
    "recommended_price": 26.035449981689453,
    "predicted_sales": 81.66372928105703,
    "predicted_organic_conv": 14.1125,
    "predicted_ad_conv": 7.50776875,
    "is_historical": false
  },
  {
    "date": "2025-03-08",
    "recommended_price": 26.035449981689453,
    "predicted_sales": 68.5083792850596,
    "predicted_organic_conv": 19.865625,
    "predicted_ad_conv": 5.2867750000000004,
    "is_historical": false
  },
  {
    "date": "2025-03-09",
    "recommended_price": 26.035449981689453,
    "predicted_sales": 33.45541748441182,
    "predicted_organic_conv": 17.202222222222222,
    "predicted_ad_conv": 3.0346555555555557,
    "is_historical": false
  },
  {
    "date": "2025-03-10",
    "recommended_price": 26.035449981689453,
    "predicted_sales": 31.650941953199872,
    "predicted_organic_conv": 9.080666666666668,
    "predicted_ad_conv": 5.5309333333333335,
    "is_historical": false
  },
  {
    "date": "2025-03-11",
    "recommended_price": 26.035449981689453,
    "predicted_sales": 39.10888718697645,
    "predicted_organic_conv": 18.968235294117648,
    "predicted_ad_conv": 3.4829588235294118,
    "is_historical": false
  },
  {
    "date": "2025-03-12",
    "recommended_price": 26.035449981689453,
    "predicted_sales": 81.46041074470243,
    "predicted_organic_conv": 14.1125,
    "predicted_ad_conv": 7.50776875,
    "is_historical": false
  },
  {
    "date": "2025-03-13",
    "recommended_price": 26.035449981689453,
    "predicted_sales": 80.30223472345536,
    "predicted_organic_conv": 18.555,
    "predicted_ad_conv": 10.16959375,
    "is_historical": false
  },
  {
    "date": "2025-03-14",
    "recommended_price": 26.035449981689453,
    "predicted_sales": 77.32778002712486,
    "predicted_organic_conv": 5.7457142857142856,
    "predicted_ad_conv": 8.22352857142857,
    "is_historical": false
  },
  {
    "date": "2025-03-15",
    "recommended_price": 26.035449981689453,
    "predicted_sales": 34.742952887083725,
    "predicted_organic_conv": 17.202222222222222,
    "predicted_ad_conv": 3.0346555555555557,
    "is_historical": false
  },
  {
    "date": "2025-03-16",
    "recommended_price": 26.035449981689453,
    "predicted_sales": 32.62316515565749,
    "predicted_organic_conv": 9.080666666666668,
    "predicted_ad_conv": 5.5309333333333335,
    "is_historical": false
  },
  {
    "date": "2025-03-17",
    "recommended_price": 26.035449981689453,
    "predicted_sales": 40.072478520287184,
    "predicted_organic_conv": 18.968235294117648,
    "predicted_ad_conv": 3.4829588235294118,
    "is_historical": false
  },
  {
    "date": "2025-03-18",
    "recommended_price": 26.035449981689453,
    "predicted_sales": 83.27540918861477,
    "predicted_organic_conv": 14.1125,
    "predicted_ad_conv": 7.50776875,
    "is_historical": false
  },
  {
    "date": "2025-03-19",
    "recommended_price": 26.035449981689453,
    "predicted_sales": 81.90417433702,
    "predicted_organic_conv": 18.555,
    "predicted_ad_conv": 10.16959375,
    "is_historical": false
  },
  {
    "date": "2025-03-20",
    "recommended_price": 26.035449981689453,
    "predicted_sales": 79.130520746706,
    "predicted_organic_conv": 5.7457142857142856,
    "predicted_ad_conv": 8.22352857142857,
    "is_historical": false
  },
  {
    "date": "2025-03-21",
    "recommended_price": 26.035449981689453,
    "predicted_sales": 71.44721980258748,
    "predicted_organic_conv": 19.865625,
    "predicted_ad_conv": 5.2867750000000004,
    "is_historical": false
  },
  {
    "date": "2025-03-22",
    "recommended_price": 26.035449981689453,
    "predicted_sales": 81.11537637789134,
    "predicted_organic_conv": 18.555,
    "predicted_ad_conv": 10.16959375,
    "is_historical": false
  },
  {
    "date": "2025-03-23",
    "recommended_price": 26.035449981689453,
    "predicted_sales": 77.29749665072892,
    "predicted_organic_conv": 5.7457142857142856,
    "predicted_ad_conv": 8.22352857142857,
    "is_historical": false
  }
]